

@book{MacKay:2003,
	author = {MacKay, David J. C.},
	publisher = {Cambridge University Press, New York},
	title = {Information Theory, Inference and Learning Algorithms},
	year = {2003}}
