

@inproceedings{Betancourt:2015,
	address = {Lille, France},
	author = {Michael Betancourt},
	booktitle = {Proceedings of the 32nd International Conference on Machine Learning},
	editor = {Francis Bach and David Blei},
	month = {07--09 Jul},
	pages = {533--540},
	publisher = {PMLR},
	series = {Proceedings of Machine Learning Research},
	title = {The Fundamental Incompatibility of Scalable Hamiltonian Monte Carlo and Naive Data Subsampling},
	volume = {37},
	year = {2015}}

@article{GellerEtAl:1971,
	author = {Geller, Murray and Ng, Edward W.},
	journal = {Journal of Research of the National Bureau of Standards, Section B: Mathematical Sciences},
	month = jul,
	number = {3 and 4},
	pages = {149},
	title = {A table of integrals of the error function. II. Additions and corrections},
	volume = {75B},
	year = {1971}}

@article{Owen:1980,
	author = {D. B. Owen},
	journal = {Communications in Statistics - Simulation and Computation},
	number = {4},
	pages = {389-419},
	title = {A table of normal integrals},
	volume = {9},
	year = {1980}}

@article{TaltsEtAl:2018,
	author = {Sean Talts and Michael Betancourt and Daniel Simpson and Aki Vehtari and Andrew Gelman},
	month = {04},
	title = {Validating Bayesian Inference Algorithms with Simulation-Based Calibration},
	year = {2018}}

@article{VehtariEtAl:2015a,
	author = {Aki Vehtari and Daniel Simpson and Andrew Gelman and Yuling Yao and Jonah Gabry},
	month = {07},
	title = {Pareto Smoothed Importance Sampling},
	year = {2015}}
