

@article{DawidEtAl:1979,
	author = {A. P. Dawid and A. M. Skene},
	journal = {Journal of the Royal Statistical Society. Series C (Applied Statistics)},
	number = {1},
	pages = {20--28},
	title = {Maximum Likelihood Estimation of Observer Error-Rates Using the EM Algorithm},
	volume = {28},
	year = {1979}}

@article{GoodEtAl:1971,
	author = {Good, I. J. and Card, W. I.},
	journal = {Methods of Information in Medicine},
	pages = {176 - 188},
	title = {The Diagnostic Process with Special Reference to Errors},
	volume = {10},
	year = {1971}}

@article{LandisEtAl:1975a,
	author = {Landis, J. Richard and Koch, Gary G.},
	journal = {Statistica Neerlandica},
	number = {3},
	pages = {101-123},
	title = {A review of statistical methods in the analysis of data arising from observer reliability studies (Part I)},
	volume = {29},
	year = {1975}}

@article{LandisEtAl:1975b,
	author = {Landis, J. Richard and Koch, Gary G.},
	journal = {Statistica Neerlandica},
	number = {3},
	pages = {151-161},
	title = {A review of statistical methods in the analysis of data arising from observer reliability studies (Part II)},
	volume = {29},
	year = {1975}}

@article{LandisEtAl:1977,
	author = {J. Richard Landis and Gary G. Koch},
	journal = {Biometrics},
	number = {1},
	pages = {159--174},
	title = {The Measurement of Observer Agreement for Categorical Data},
	volume = {33},
	year = {1977}}
