

@article{Aitchison:1982,
	author = {Aitchison, J.},
	journal = {Journal of the Royal Statistical Society: Series B (Methodological)},
	month = {1},
	number = {2},
	pages = {139-160},
	title = {{The Statistical Analysis of Compositional Data}},
	volume = {44},
	year = {1982}}

@book{TrefethenEtAl:1997,
	author = {Trefethen, Lloyd N. and Bau, III, David},
	publisher = {Society for Industrial and Applied Mathematics (SIAM), Philadelphia, PA},
	title = {Numerical linear algebra},
	year = {1997}}

@article{CsiszarEtAl:2004,
	author = {Csisz{\'a}r, Imre and Shields, Paul C},
	journal = {Communications and Information Theory},
	number = {4},
	pages = {417--528},
	title = {Information Theory and Statistics: {A} Tutorial},
	volume = {1},
	year = {2004}}

@book{AmariEtAl:2007,
	author = {Amari, Shun-ichi and Nagaoka, Hiroshi},
	publisher = {American Mathematical Soc.},
	title = {Methods of Information Geometry},
	year = {2007}}

@inproceedings{Betancourt:2012a,
	author = {Betancourt, Michael},
	booktitle = {Bayesian Inference and Maximum Entropy Methods in Science and Engineering: 31st International Workshop on Bayesian Inference and Maximum Entropy Methods in Science and Engineering},
	organization = {AIP Publishing},
	pages = {157--164},
	title = {Cruising the Simplex: {H}amiltonian {M}onte {C}arlo and the {D}irichlet Distribution},
	volume = {1443},
	year = {2012}}

@book{BakerEtAl:2016,
	author = {Baker, D. Vincent and Baker, Meguey},
	edition = {2nd},
	publisher = {Lumpley Games},
	title = {Apocalypse World},
	year = {2016}}

@article{Betancourt:2021a,
	author = {Michael Betancourt},
	month = {10},
	title = {A Short Review of Ergodicity and Convergence of Markov chain Monte Carlo Estimators},
	year = {2021}}
