

@book{Apostol:1967,
	author = {Apostol, Tom M.},
	edition = {Second},
	publisher = {Blaisdell Publishing Co. [Ginn and Co.], Waltham, Mass.-Toronto, Ont.-London},
	title = {Calculus. {V}ol. {I}: {O}ne-variable calculus, with an introduction to linear algebra},
	year = {1967}}

@book{Apostol:1969,
	author = {Apostol, Tom M.},
	edition = {Second},
	publisher = {Blaisdell Publishing Co. [Ginn and Co.], Waltham, Mass.-Toronto, Ont.-London},
	title = {Calculus. {V}ol. {II}: {M}ulti-variable calculus and linear algebra, with applications to differential equations and probability},
	year = {1969}}

@article{Box:1976,
	author = {Box, George E. P.},
	journal = {J. Amer. Statist. Assoc.},
	number = {356},
	pages = {791--799},
	title = {Science and statistics},
	volume = {71},
	year = {1976}}

@book{LarsonEtAl:2005,
	author = {Larson, R. and Hostetler, R.P. and Edwards, B.H.},
	publisher = {Houghton Mifflin College Division},
	title = {Calculus of a Single Variable},
	year = {2005}}

@book{Marsden:2003,
	author = {Marsden, J.E. and Tromba, A.},
	number = {pp. 1-93},
	publisher = {W. H. Freeman},
	series = {Vector Calculus},
	title = {Vector Calculus},
	year = {2003}}

@book{Stewart:2015,
	author = {Stewart, J.},
	edition = {8th},
	publisher = {Cengage Learning},
	title = {Calculus},
	year = {2015}}

@book{Sweigart:2019,
	author = {Sweigart, Al},
	publisher = {No Starch Press},
	title = {Automate the boring stuff with Python: practical programming for total beginners},
	year = {2019}}

@book{TrefethenEtAl:1997,
	author = {Trefethen, Lloyd N. and Bau, III, David},
	publisher = {Society for Industrial and Applied Mathematics (SIAM), Philadelphia, PA},
	title = {Numerical linear algebra},
	year = {1997}}
