

@article{ChangEtAl:1997,
	author = {Chang, Joseph T and Pollard, David},
	journal = {Statistica Neerlandica},
	number = {3},
	pages = {287--317},
	title = {Conditioning as Disintegration},
	volume = {51},
	year = {1997}}

@article{LeaoEtAl:2004,
	author = {Le{\~a}o Jr, D and Fragoso, M and Ruffino, P},
	journal = {Proyecciones (Antofagasta)},
	number = {1},
	pages = {15--29},
	title = {Regular Conditional Probability, Disintegration of Probability and {R}adon Spaces},
	volume = {23},
	year = {2004}}
