

@book{Apostol:1969,
	author = {Apostol, Tom M.},
	edition = {Second},
	publisher = {Blaisdell Publishing Co. [Ginn and Co.], Waltham, Mass.-Toronto, Ont.-London},
	title = {Calculus. {V}ol. {II}: {M}ulti-variable calculus and linear algebra, with applications to differential equations and probability},
	year = {1969}}

@book{Folland:1999,
	address = {New York},
	author = {Folland, G. B.},
	publisher = {John Wiley and Sons, Inc},
	title = {Real Analysis: Modern Techniques and Their Applications},
	year = {1999}}
