

@book{Curtis:1993,
	author = {Curtis, Charles W.},
	edition = {fourth},
	publisher = {Springer-Verlag, New York},
	series = {Undergraduate Texts in Mathematics},
	title = {Linear algebra},
	year = {1993}}

@book{Lee:2011,
	author = {Lee, John M},
	publisher = {Springer},
	title = {Introduction to Topological Manifolds},
	year = {2011}}

@book{Lee:2013,
	author = {Lee, John M},
	publisher = {Springer},
	title = {Introduction to Smooth Manifolds},
	year = {2013}}
