

@book{DiaconisEtAl:2017,
	author = {Diaconis, Persi and Skyrms, Brian},
	publisher = {Princeton University Press},
	title = {Ten Great Ideas about Chance},
	year = {2017}}

@book{Folland:1999,
	address = {New York},
	author = {Folland, G. B.},
	publisher = {John Wiley and Sons, Inc},
	title = {Real Analysis: Modern Techniques and Their Applications},
	year = {1999}}

@article{VanHorn:2003,
	author = {{Van Horn, Kevin S.}},
	journal = {{International Journal of Approximate Reasoning}},
	number = {1},
	pages = {3--24},
	title = {{Constructing a logic of plausible inference: a guide to {C}ox's theorem}},
	volume = {34},
	year = {2003}}
